%% This BibTeX bibliography file was created using BibDesk.
%% http://bibdesk.sourceforge.net/

%% Created for Jacky Cao at 2018-11-18 19:25:01 +0000 


%% Saved with string encoding Unicode (UTF-8) 



@article{campisano_milankovitch,
	Author = {Christopher J. Campisano},
	Date-Added = {2018-11-18 19:24:11 +0000},
	Date-Modified = {2018-11-18 19:24:57 +0000},
	Journal = {Nature},
	Number = {3},
	Pages = {5},
	Title = {Milankovitch Cycles, Paleoclimatic Change, and Hominin Evolution},
	Volume = {4},
	Year = {2012}}

@article{past3,
	Author = {\O. Hammer and D. A. T. Harper and P. D. Ryan},
	Date-Added = {2018-11-18 16:53:14 +0000},
	Date-Modified = {2018-11-18 16:56:11 +0000},
	Journal = {Palaeontologia Electronica},
	Number = {1},
	Pages = {9},
	Title = {PAST: Paleontological statistics software package for education and data analysis},
	Volume = {4},
	Year = {2001}}

@incollection{droxler_climate,
	Author = {Henning A. Bauch and Helmut Erlenkeuser},
	Booktitle = {Earth's Climate and Orbital Eccentricity: The Marine Isotope Stage 11 Question},
	Date-Added = {2018-11-18 16:44:20 +0000},
	Date-Modified = {2018-11-18 16:49:28 +0000},
	Editor = {Andr\'{e} W. Droxler and Richard Z. Poore and Lloyd H, Burckle},
	Pages = {87 - 102},
	Publisher = {American Geophysical Union},
	Title = {Interpreting glacial‚Äêinterglacial changes in ice volume and climate from subarctic deep water foraminiferal $\delta^{18}$O},
	Volume = {137},
	Year = {2013}}

@book{carroll_astro,
	Author = {Bradley W. Carroll and Dale A. Ostlie},
	Date-Added = {2018-11-18 11:48:55 +0000},
	Date-Modified = {2018-11-18 11:48:55 +0000},
	Edition = {2nd},
	Keywords = {modern astrophysics, textbook},
	Publisher = {Pearson},
	Title = {An Introduction to Modern Astrophysics},
	Year = {2007}}

@book{ruddiman_climate,
	Author = {William F. Ruddiman},
	Date-Added = {2018-11-07 17:07:51 +0000},
	Date-Modified = {2018-11-07 17:08:56 +0000},
	Edition = {2nd},
	Publisher = {W. H. Freeman and Company},
	Title = {Earth's Climate: Past and Future},
	Year = {2008}}

@misc{hudf_image,
	Annote = {[Online; accessed 1st January 2018]},
	Author = {NASA and ESA and S. Beckwith and {HUDF Team}},
	Date-Added = {2018-11-05 20:11:36 +0000},
	Date-Modified = {2018-11-05 20:24:29 +0000},
	Howpublished = {\url{https://svs.gsfc.nasa.gov/30946}},
	Month = {May},
	Note = {[Online; accessed 5th November 2018]},
	Title = {{Hubble Ultra Deep Field}},
	Year = {2018}}
