%% This BibTeX bibliography file was created using BibDesk.
%% http://bibdesk.sourceforge.net/

%% Created for Jacky Cao at 2018-12-29 17:44:09 +0000 


%% Saved with string encoding Unicode (UTF-8) 



@article{2011ApJ...730..119R,
	Adsnote = {Provided by the SAO/NASA Astrophysics Data System},
	Adsurl = {https://ui.adsabs.harvard.edu/\#abs/2011ApJ...730..119R},
	Archiveprefix = {arXiv},
	Author = {{Riess}, Adam G. and {Macri}, Lucas and {Casertano}, Stefano and {Lampeitl}, Hubert and {Ferguson}, Henry C. and {Filippenko}, Alexei V. and {Jha}, Saurabh W. and {Li}, Weidong and {Chornock}, Ryan},
	Date-Added = {2018-12-29 17:44:03 +0000},
	Date-Modified = {2018-12-29 17:44:03 +0000},
	Doi = {10.1088/0004-637X/730/2/119},
	Eid = {119},
	Eprint = {1103.2976},
	Journal = {\apj},
	Keywords = {cosmological parameters, dark energy, distance scale, galaxies: distances and redshifts, stars: variables: Cepheids, supernovae: general, Astrophysics - Cosmology and Nongalactic Astrophysics},
	Month = Apr,
	Pages = {119},
	Primaryclass = {astro-ph.CO},
	Title = {{A 3\% Solution: Determination of the Hubble Constant with the Hubble Space Telescope and Wide Field Camera 3}},
	Volume = {730},
	Year = 2011,
	Bdsk-Url-1 = {https://doi.org/10.1088/0004-637X/730/2/119}}

@article{jacoby_extragal,
	Adsnote = {Provided by the SAO/NASA Astrophysics Data System},
	Adsurl = {http://adsabs.harvard.edu/abs/1992PASP..104..599J},
	Author = {{Jacoby}, G.~H. and {Branch}, D. and {Ciardullo}, R. and {Davies}, R.~L. and {Harris}, W.~E. and {Pierce}, M.~J. and {Pritchet}, C.~J. and {Tonry}, J.~L. and {Welch}, D.~L.},
	Date-Added = {2018-12-28 15:54:04 +0000},
	Date-Modified = {2018-12-28 15:54:35 +0000},
	Doi = {10.1086/133035},
	Journal = {Astronomical Society of the Pacific},
	Keywords = {Astrometry, Distance Measuring Equipment, Galaxies, Cepheid Variables, Elliptical Galaxies, Globular Clusters, Novae, Planetary Nebulae, Supernovae},
	Month = aug,
	Pages = {599-662},
	Title = {{A critical review of selected techniques for measuring extragalactic distances}},
	Volume = 104,
	Year = 1992,
	Bdsk-Url-1 = {https://doi.org/10.1086/133035}}

@article{freedman_hstkeystone,
	Author = {{Freedman}, Wendy L. and {Madore}, Barry F. and {Gibson}, Brad K. and {Ferrarese}, Laura and {Kelson}, Daniel D. and {Sakai}, Shoko and {Mould}, Jeremy R. and {Kennicutt}, Robert C., Jr. and {Ford}, Holland C. and {Graham}, John A. and {Huchra}, John P. and {Hughes}, Shaun M.~G. and {Illingworth}, Garth D. and {Macri}, Lucas M. and {Stetson}, Peter B.},
	Date-Added = {2018-12-28 13:29:55 +0000},
	Date-Modified = {2018-12-28 13:30:31 +0000},
	Journal = {The Astrophysical Journal},
	Keywords = {Stars: Variables: Cepheids, Cosmology: Observations, Cosmology: Distance Scale, Galaxies: Distances and Redshifts, Astrophysics},
	Month = May,
	Pages = {47-72},
	Title = {{Final Results from the Hubble Space Telescope Key Project to Measure the Hubble Constant}},
	Volume = {553},
	Year = 2001,
	Bdsk-Url-1 = {https://doi.org/10.1086/320638}}

@article{fukugita_cosmic,
	Author = {{Fukugita}, M. and {Hogan}, C. J. and {Peebles} P. J. E.},
	Date-Added = {2018-12-28 12:58:06 +0000},
	Date-Modified = {2018-12-28 12:59:16 +0000},
	Journal = {Nature},
	Title = {{The cosmic distance scale and the Hubble constant}},
	Volume = {366},
	Year = {1993}}

@misc{hudf_image,
	Annote = {[Online; accessed 1st January 2018]},
	Author = {NASA and ESA and S. Beckwith and {HUDF Team}},
	Date-Added = {2018-11-05 20:11:36 +0000},
	Date-Modified = {2018-11-05 20:24:29 +0000},
	Howpublished = {\url{https://svs.gsfc.nasa.gov/30946}},
	Month = {May},
	Note = {[Online; accessed 5th November 2018]},
	Title = {{Hubble Ultra Deep Field}},
	Year = {2018}}

@book{carroll_astro,
	Author = {Bradley W. Carroll and Dale A. Ostlie},
	Date-Added = {2018-10-25 13:01:54 +0100},
	Date-Modified = {2018-10-25 13:02:03 +0100},
	Edition = {2nd},
	Keywords = {modern astrophysics, textbook},
	Publisher = {Pearson},
	Title = {An Introduction to Modern Astrophysics},
	Year = {2007}}
