%% This BibTeX bibliography file was created using BibDesk.
%% http://bibdesk.sourceforge.net/

%% Created for Jacky Cao at 2018-11-15 11:28:48 +0000 


%% Saved with string encoding Unicode (UTF-8) 



@inbook{moore_databook,
	Author = {Partrick Moore and Robin Rees},
	Date-Added = {2018-11-15 11:26:52 +0000},
	Date-Modified = {2018-11-15 11:28:48 +0000},
	Pages = {357 - 362},
	Publisher = {Cambridge University Press},
	Title = {Patrick Moore's Data Book of Astronomy},
	Year = {2011}}

@misc{hudf_image,
	Annote = {[Online; accessed 1st January 2018]},
	Author = {NASA and ESA and S. Beckwith and {HUDF Team}},
	Date-Added = {2018-11-05 20:11:36 +0000},
	Date-Modified = {2018-11-05 20:24:29 +0000},
	Howpublished = {\url{https://svs.gsfc.nasa.gov/30946}},
	Month = {May},
	Note = {[Online; accessed 5th November 2018]},
	Title = {{Hubble Ultra Deep Field}},
	Year = {2018}}

@book{carroll_astro,
	Author = {Bradley W. Carroll and Dale A. Ostlie},
	Date-Added = {2018-10-25 13:01:54 +0100},
	Date-Modified = {2018-10-25 13:02:03 +0100},
	Edition = {2nd},
	Keywords = {modern astrophysics, textbook},
	Publisher = {Pearson},
	Title = {An Introduction to Modern Astrophysics},
	Year = {2007}}

@article{cappaellari_ppxf,
	Author = {{Cappellari}, M.},
	Date-Modified = {2018-10-26 17:49:53 +0100},
	Doi = {10.1093/mnras/stw3020},
	Eprint = {1607.08538},
	Journal = {MNRAS},
	Pages = {798-811},
	Title = {{Improving the full spectrum fitting method: accurate convolution with Gauss-Hermite functions}},
	Volume = 466,
	Year = 2017,
	Bdsk-Url-1 = {https://doi.org/10.1093/mnras/stw3020}}
